@incollection{diskin2011model,
  title={Model synchronization: Mappings, tiles, and categories},
  author={Diskin, Zinovy},
  booktitle={Generative and Transformational Techniques in Software Engineering III},
  pages={92--165},
  year={2011},
  publisher={Springer}
}
@inproceedings{favre2004foundations,
  title={Foundations of model (driven)(reverse) engineering: Models},
  author={Favre, Jean-Marie},
  booktitle={Proceedings of the International Seminar on Language Engineering for Model-Driven Software Development, Dagstuhl Seminar 04101},
  year={2004}
}
@inproceedings{favre2004foundations2,
  title={Foundations of meta-pyramids: languages vs. metamodels},
  author={Favre, Jean-Marie},
  booktitle={Episode II. Story of Thotus the Baboon, Procs. Dagstuhl Seminar},
  volume={4101},
  year={2004},
  organization={Citeseer}
}
@incollection{hermann2011correctness,
  title={Correctness of model synchronization based on triple graph grammars},
  author={Hermann, Frank and Ehrig, Hartmut and Orejas, Fernando and Czarnecki, Krzysztof and Diskin, Zinovy and Xiong, Yingfei},
  booktitle={Model Driven Engineering Languages and Systems},
  pages={668--682},
  year={2011},
  publisher={Springer}
}
@incollection{ehrig2007information,
  title={Information preserving bidirectional model transformations},
  author={Ehrig, Hartmut and Ehrig, Karsten and Ermel, Claudia and Hermann, Frank and Taentzer, Gabriele},
  booktitle={Fundamental Approaches to Software Engineering},
  pages={72--86},
  year={2007},
  publisher={Springer}
}
@inproceedings{giese2010toward,
  title={Toward bridging the gap between formal semantics and implementation of triple graph grammars},
  author={Giese, Holger and Hildebrandt, Stephan and Lambers, Leen},
  booktitle={Model-Driven Engineering, Verification, and Validation (MoDeVVa), 2010 Workshop on},
  pages={19--24},
  year={2010},
  organization={IEEE}
}
@article{omg2007unified,
  title={Unified modeling language (omg uml)},
  author={OMG, OMG},
  journal={Superstructure},
  year={2007}
}